@inproceedings{1,
author = {Gkolemi, Myrsini and Papadopoulos, Panagiotis and Markatos, Evangelos and Kourtellis, Nicolas},
title = {{YouTubers Not MadeForKids}: Detecting Channels Sharing Inappropriate Videos Targeting Children},
year = {2022},
isbn = {9781450391917},
publisher = {Association for Computing Machinery},
address = {New York, NY, USA},
url = {https://doi.org/10.1145/3501247.3531556},
doi = {10.1145/3501247.3531556},
booktitle = {14th ACM Web Science Conference 2022},
pages = {370–381},
numpages = {12},
location = {Barcelona, Spain},
series = {WebSci '22}
}

 @article{2, title={A multi-modal approach to detect inappropriate cartoon video contents using deep learning networks}, volume={81}, ISSN={1380-7501, 1573-7721}, DOI={10.1007/s11042-022-12709-2}, number={12}, journal={Multimedia Tools and Applications}, author={Chuttur, M. Y. and Nazurally, A.}, year={2022}, month={May}, pages={16881–16900}, language={en} }

 @article{3, title={A Deep Learning-Based Approach for Inappropriate Content Detection and Classification of {YouTube} Videos}, volume={10}, ISSN={2169-3536}, DOI={10.1109/ACCESS.2022.3147519},  journal={IEEE Access}, author={Yousaf, Kanwal and Nawaz, Tabassam}, year={2022}, pages={16283–16298}, language={en} }

 @article{4, title={Did your child get disturbed by an inappropriate advertisement on {YouTube}?}, author={Liu, Jeffrey and Tandon, Rajat and Durairaj, Uma and Guo, Jiani and Zahabizadeh, Spencer and Ilango, Sanjana and Tang, Jeremy and Gupta, Neelesh and Zhou, Zoe and Mirkovic, Jelena}, year={2022}, pages={7}, language={en} }

@article{5, title={Samba: Identifying Inappropriate Videos for Young Children on YouTube}, author={Le, Binh M and Tandon, Rajat and Oinar, Chingis}, year={2022}, pages={10}, language={en} }

 @article{6, title={Disturbed {YouTube for Kids}: Characterizing and Detecting Inappropriate Videos Targeting Young Children}, url={http://arxiv.org/abs/1901.07046}, note={arXiv:1901.07046 [cs]}, number={arXiv:1901.07046}, publisher={arXiv}, author={Papadamou, Kostantinos and Papasavva, Antonis and Zannettou, Savvas and Blackburn, Jeremy and Kourtellis, Nicolas and Leontiadis, Ilias and Stringhini, Gianluca and Sirivianos, Michael}, year={2021}, month={Sep}, language={en} }


@misc{doyle_2022_tiktok,
  author = {Doyle, Brandon},
  month = {11},
  title = {{TikTok} Statistics - Everything You Need to Know},
  url = {https://wallaroomedia.com/blog/social-media/tiktok-statistics/},
  year = {2022},
  organization = {Wallaroo Media}
}

@misc{ruby_2022_youtube,
  author = {Ruby, Daniel},
  month = {11},
  title = {{YouTube Statistics} (2022) — Updated Data, Facts and Figures Shared!},
  url = {https://www.demandsage.com/youtube-stats/},
  year = {2022},
  organization = {demandsage}
}

@misc{amadeo_2022_youtube,
  author = {Amadeo, Ron},
  month = {07},
  title = {{YouTube} flags horror video as “for kids,” won’t let creator change rating [Updated]},
  url = {https://arstechnica.com/gadgets/2022/07/youtube-flags-horror-video-as-for-kids-wont-let-creator-change-rating/},
  urldate = {2023-02-04},
  year = {2022},
  organization = {Ars Technica}
}

@misc{sinelschikova_2020_this,
  author = {Sinelschikova, Yekaterina},
  month = {08},
  title = {This CREEPY children’s cartoon has 3.5 BILLION views (VIDEO)},
  url = {https://www.rbth.com/lifestyle/332530-creepy-childrens-cartoon},
  urldate = {2023-02-04},
  year = {2020},
  organization = {Russia Beyond}
}

@misc{ceci_2022_youtube,
  author = {Ceci,  L.},
  month = {09},
  title = {{YouTube}: most viewed video},
  url = {https://www.statista.com/statistics/249396/top-youtube-videos-views/},
  year = {2022},
  organization = {Statista}
}

 @article{Madigan_Racine_Tough_2020, title={Prevalence of Preschoolers Meeting vs Exceeding Screen Time Guidelines}, volume={174}, ISSN={2168-6203}, DOI={10.1001/jamapediatrics.2019.4495}, number={1}, journal={JAMA Pediatrics}, author={Madigan, Sheri and Racine, Nicole and Tough, Suzanne}, year={2020}, month={Jan}, pages={93}, language={en} }

@misc{urgo_2020_made_for_kids,
  author = {Urgo, Jason},
  month = {01},
  title = {Made For Kids and COPPA - Initial Look At The YouTube Data},
  url = {https://socialblade.com/blog/made-for-kids-initial-look-at-the-data/},
  year = {2020},
  organization = {Social Blade}
}

 @article{KIDSTUBE_2016, title={{KidsTube}: Detection, Characterization and Analysis of Child Unsafe Content and Promoters on YouTube}, url={http://arxiv.org/abs/1608.05966}, number={arXiv:1608.05966}, publisher={arXiv}, author={Kaushal, Rishabh and Saha, Srishty and Bajaj, Payal and Kumaraguru, Ponnurangam}, year={2016}, month={08}, language={en} }

@article{screen_time,
  author = {Ovide, Shira},
  month = {07},
  title = {The Messy Truth About Kids’ Screen Time},
  url = {https://www.nytimes.com/2021/07/26/technology/kids-screen-time.html},
  year = {2021},
  organization = {The New York Times},
  journal = {The New York Times}
}

 @article{Lillard_Peterson_2011, title={The Immediate Impact of Different Types of Television on Young Children’s Executive Function}, volume={128}, ISSN={0031-4005, 1098-4275}, DOI={10.1542/peds.2010-1919}, number={4}, journal={Pediatrics}, author={Lillard, Angeline S. and Peterson, Jennifer}, year={2011}, month={10}, pages={644–649}, language={en} }

 @article{Klatte_Bergström_Lachmann_2013, title={Does noise affect learning? A short review on noise effects on cognitive performance in children}, volume={4}, ISSN={1664-1078}, url={http://journal.frontiersin.org/article/10.3389/fpsyg.2013.00578/abstract}, DOI={10.3389/fpsyg.2013.00578}, journal={Frontiers in Psychology}, author={Klatte, Maria and Bergström, Kirstin and Lachmann, Thomas}, year={2013}, language={en} }

 @article{violent_cartoons, title={Children’s reactions to cartoon violence}, volume={8}, ISSN={0047-228X}, DOI={10.1080/15374417909532878}, number={1}, journal={Journal of Clinical Child Psychology}, author={Hapkiewicz, Walter G.}, year={1979}, month={03}, pages={30–34}, language={en} }

@misc{federaltradecommission_2020_complying,
  author = {Federal Trade Commission},
  month = {07},
  title = {Complying with {COPPA}: Frequently asked questions},
  url = {https://www.ftc.gov/business-guidance/resources/complying-coppa-frequently-asked-questions},
  year = {2020},
  organization = {Federal Trade Commission}
}

@misc{cdc_2019_positive,
  author = {CDC},
  month = {02},
  title = {Positive Parenting Tips},
  url = {https://www.cdc.gov/ncbddd/childdevelopment/positiveparenting/index.html},
  year = {2019},
  organization = {Centers for Disease Control and Prevention}
}

@misc{elsa,
  author = {Placido, Dani Di},
  month = {11},
  title = {{YouTube's "Elsagate"} Illuminates The Unintended Horrors Of The Digital Age},
  url = {https://www.forbes.com/sites/danidiplacido/2017/11/28/youtubes-elsagate-illuminates-the-unintended-horrors-of-the-digital-age/?sh=648436766ba7},
  urldate = {2023-02-07},
  year = {2017},
  organization = {Forbes}
}


@misc{ytmonetize,
  title = {Choose how you want to monetize - YouTube Help},
  url = {https://support.google.com/youtube/answer/94522},
  urldate = {2023-02-08},
  year = {2023},
  organization = {support.google.com}
}

@misc{yahoo_yt,
  author = {Daugherty, Kate},
  month = {01},
  title = {How Much Do YouTubers Make?},
  url = {https://finance.yahoo.com/news/much-youtubers-213800157.html},
  urldate = {2023-02-08},
  year = {2023},
  organization = {finance.yahoo.com}
}

 @article{multimodal, title={Multimodal Deep Learning}, author={Ngiam, Jiquan and Khosla, Aditya and Kim, Mingyu and Nam, Juhan and Lee, Honglak and Ng, Andrew Y}, language={en} }

 @inproceedings{7, address={Ljubljana Slovenia}, title={Hate, Obscenity, and Insults: Measuring the Exposure of Children to Inappropriate Comments in {YouTube}}, ISBN={978-1-4503-8313-4}, url={https://dl.acm.org/doi/10.1145/3442442.3452314}, DOI={10.1145/3442442.3452314}, booktitle={Companion Proceedings of the Web Conference 2021}, publisher={ACM}, author={Alshamrani, Sultan and Abusnaina, Ahmed and Abuhamad, Mohammed and Nyang, Daehun and Mohaisen, David}, year={2021}, month={Apr}, pages={508–515}, language={en} }

 @inproceedings{8, address={Vancouver British Columbia Canada}, title={Bringing the kid back into {YouTube} kids: detecting inappropriate content on video streaming platforms}, ISBN={978-1-4503-6868-1}, url={https://dl.acm.org/doi/10.1145/3341161.3342913}, DOI={10.1145/3341161.3342913}, booktitle={Proceedings of the 2019 IEEE/ACM International Conference on Advances in Social Networks Analysis and Mining}, publisher={ACM}, author={Tahir, Rashid and Ahmed, Faizan and Saeed, Hammas and Ali, Shiza and Zaffar, Fareed and Wilson, Christo}, year={2019}, month={Aug}, pages={464–469}, language={en} }

 @inproceedings{9, address={Limassol Cyprus}, title={{KidsGUARD}: fine grained approach for child unsafe video representation and detection}, ISBN={978-1-4503-5933-7}, url={https://dl.acm.org/doi/10.1145/3297280.3297487}, DOI={10.1145/3297280.3297487}, booktitle={Proceedings of the 34th ACM/SIGAPP Symposium on Applied Computing}, publisher={ACM}, author={Singh, Shubham and Kaushal, Rishabh and Buduru, Arun Balaji and Kumaraguru, Ponnurangam}, year={2019}, month={Apr}, pages={2104–2111}, language={en} }

 @article{10, title={{KidsTube}: Detection, Characterization and Analysis of Child Unsafe Content and Promoters on YouTube}, url={http://arxiv.org/abs/1608.05966}, note={arXiv:1608.05966 [cs]}, number={arXiv:1608.05966}, publisher={arXiv}, author={Kaushal, Rishabh and Saha, Srishty and Bajaj, Payal and Kumaraguru, Ponnurangam}, year={2016}, month={Aug}, language={en} }

 @article{11, title={Combating the {Elsagate} phenomenon: Deep learning architectures for disturbing cartoons}, url={http://arxiv.org/abs/1904.08910}, note={arXiv:1904.08910 [cs]}, number={arXiv:1904.08910}, publisher={arXiv}, author={Ishikawa, Akari and Bollis, Edson and Avila, Sandra}, year={2019}, month={Apr}, language={en} }

 @inproceedings{12, address={Novi Sad, Serbia}, title={Discovery of Elsagate: Detection of Sparse Inappropriate Content from Kids Videos}, ISBN={978-1-72818-259-9}, url={https://ieeexplore.ieee.org/document/9161808/}, DOI={10.1109/ZINC50678.2020.9161808}, booktitle={2020 Zooming Innovation in Consumer Technologies Conference (ZINC)}, publisher={IEEE}, author={Han, Wenlin and Ansingkar, Madhura}, year={2020}, month={May}, pages={46–47}, language={en} }

 @inproceedings{stanford_annotation_paper, address={Toronto Ontario Canada}, title={Scalable multi-label annotation}, ISBN={978-1-4503-2473-1}, url={https://dl.acm.org/doi/10.1145/2556288.2557011}, DOI={10.1145/2556288.2557011}, booktitle={Proceedings of the SIGCHI Conference on Human Factors in Computing Systems}, publisher={ACM}, author={Deng, Jia and Russakovsky, Olga and Krause, Jonathan and Bernstein, Michael S. and Berg, Alex and Fei-Fei, Li}, year={2014}, month={Apr}, pages={3099–3102}, language={en} }

@misc{pokemon,
  title = {Common Sense Media},
  url = {https://www.commonsensemedia.org/tv-reviews/pokemon},
  organization = {www.commonsensemedia.org}
}

@misc{esrb,
  author = {Entertainment Software Rating Board},
  title = {Ratings Guide - ESRB Ratings},
  url = {https://www.esrb.org/ratings-guide/},
  year = {2019},
  organization = {ESRB Ratings}
}

@INPROCEEDINGS{lstm2,
  author={Joe Yue-Hei Ng and Hausknecht, Matthew and Vijayanarasimhan, Sudheendra and Vinyals, Oriol and Monga, Rajat and Toderici, George},
  booktitle={2015 IEEE Conference on Computer Vision and Pattern Recognition (CVPR)}, 
  title={Beyond short snippets: Deep networks for video classification}, 
  year={2015},
  volume={},
  number={},
  pages={4694-4702},
  doi={10.1109/CVPR.2015.7299101}}

@INPROCEEDINGS{lstm1,
  author={Donahue, Jeff and Hendricks, Lisa Anne and Guadarrama, Sergio and Rohrbach, Marcus and Venugopalan, Subhashini and Darrell, Trevor and Saenko, Kate},
  booktitle={2015 IEEE Conference on Computer Vision and Pattern Recognition (CVPR)}, 
  title={Long-term recurrent convolutional networks for visual recognition and description}, 
  year={2015},
  volume={},
  number={},
  pages={2625-2634},
  doi={10.1109/CVPR.2015.7298878}}

  @INPROCEEDINGS{i3d,
  author={Carreira, João and Zisserman, Andrew},
  booktitle={2017 IEEE Conference on Computer Vision and Pattern Recognition (CVPR)}, 
  title={Quo Vadis, Action Recognition? A New Model and the {Kinetics} Dataset}, 
  year={2017},
  volume={},
  number={},
  pages={4724-4733},
  doi={10.1109/CVPR.2017.502}}

@INPROCEEDINGS{vtn,
  author={Neimark, Daniel and Bar, Omri and Zohar, Maya and Asselmann, Dotan},
  booktitle={2021 IEEE/CVF International Conference on Computer Vision Workshops (ICCVW)}, 
  title={Video Transformer Network}, 
  year={2021},
  volume={},
  number={},
  pages={3156-3165},
  doi={10.1109/ICCVW54120.2021.00355}}

  
@inproceedings{13,
  title={},
  author={Alghowinem, Sharifa},
  booktitle={Intelligent Systems and Applications: Proceedings of the 2018 Volume 1},
  pages={294--308},
  year={2019},
  organization={Springer}
}

@article{cartoonsurvey,
  title={Marketing strategy in advertisements using animated characters},
  author={Vijayakrishnan, Vijayalakshmi and Harikrishnan, D and Babu, Dinesh and Kochi, Amrita Vishwa Vidyapeetham},
  journal={International Journal of Pure and Applied Mathematics},
  volume={119},
  number={12},
  pages={2841--2852},
  year={2018}
}

@article{longformer,
  title={Longformer: The Long-Document Transformer},
  author={Iz Beltagy and Matthew E. Peters and Arman Cohan},
  journal={arXiv:2004.05150},
  year={2020},
}

@inproceedings{transformer,
title	= {Attention is All You Need},
author	= {Ashish Vaswani and Noam Shazeer and Niki Parmar and Jakob Uszkoreit and Llion Jones and Aidan N. Gomez and Lukasz Kaiser and Illia Polosukhin},
year	= {2017},
URL	= {https://arxiv.org/pdf/1706.03762.pdf}
}

@misc{fair,
  author={{YouTube Help}}, 
  title = {Fair use on {YouTube}},
  url = {https://support.google.com/youtube/answer/9783148},
  urldate = {2023-02-11},
  organization = {support.google.com}
}

@misc{fairuse,
  author = {{YouTube Help}},
  title = {{FAQ} on fair use},
  url = {https://support.google.com/youtube/answer/6396261},
  urldate = {2023-02-11},
  organization = {support.google.com}
}

 @article{kinetics, title={The {Kinetics} Human Action Video Dataset}, author={Kay, Will and Carreira, Joao and Simonyan, Karen and Zhang, Brian}, pages={22},
 year={2017}, 
 language={en} }
